@article{das2023adaptive,  
  author  = {Das, S. and Khan, M. and Lee, J.},  
  title   = {Adaptive Authentication for Financial Services: A Risk-Based Approach},  
  journal = {IEEE Transactions on Dependable and Secure Computing},  
  volume  = {20},  
  number  = {3},  
  pages   = {1892--1905},  
  year    = {2023}  
}  

@report{owasp2021top10,  
  author  = {{OWASP Foundation}},  
  title   = {OWASP Top 10: Most Critical Web Application Security Risks},  
  year    = {2021},  
  url     = {https://owasp.org/www-project-top-ten/}  
}  

@inproceedings{almeida2020session,  
  author  = {Almeida, R. and Santos, P. and {Feltrim, V.}},  
  title   = {Session Management Vulnerabilities in Financial APIs: A Large-Scale Study},  
  booktitle = {Proc. of the ACM Symposium on Applied Computing},  
  pages   = {1245--1252},  
  year    = {2020}  
}  

@report{verizon2023dbir,  
  author  = {{Verizon Business}},  
  title   = {2023 Data Breach Investigations Report},  
  year    = {2023},  
  url     = {https://www.verizon.com/business/resources/reports/dbir/}  
}  

@report{euba2022sca,  
  author  = {{European Banking Authority}},  
  title   = {Opinion on the Implementation of Strong Customer Authentication},  
  year    = {2022},  
  url     = {https://www.eba.europa.eu/}  
}  

@article{fridman2022biometric,  
  author  = {Fridman, L. and Stolerman, A.},  
  title   = {Behavioral Biometrics for Continuous Authentication in Mobile Banking},  
  journal = {Computers \& Security},  
  volume  = {114},  
  pages   = {102598},  
  year    = {2022}  
}  
@article{bcrypt2016,  
  author  = {Provos, N. and Mazi√®res, D.},  
  title   = {A Future-Adaptable Password Scheme},  
  journal = {USENIX Annual Technical Conference},  
  year    = {1999},  
  url     = {https://www.usenix.org/legacy/events/usenix99/provos.html}  
}  

@misc{sqlmap2018,  
  author  = {Stampar, M.},  
  title   = {SQLMap: Automatic SQL Injection and Database Takeover Tool},  
  year    = {2018},  
  url     = {http://sqlmap.org}  
}  

@report{nist2020digital,  
  author  = {{National Institute of Standards and Technology}},  
  title   = {NIST Special Publication 800-63B: Digital Identity Guidelines},  
  year    = {2020},  
  url     = {https://doi.org/10.6028/NIST.SP.800-63b}  
}  

@report{owasp2021top10,  
  author  = {{OWASP Foundation}},  
  title   = {OWASP Top 10: Most Critical Web Application Security Risks},  
  year    = {2021},  
  url     = {https://owasp.org/www-project-top-ten/}  
}  
@inproceedings{li2021hybrid,  
  author  = {Li, Q. and {Chen, Y.} and {Wang, H.}},  
  title   = {Security Challenges in Hybrid Cloud-Fintech Architectures},  
  booktitle = {Proc. of IEEE Cloud Computing},  
  pages   = {45--52},  
  year    = {2021}  
}  

@article{chen2022ml,  
  author  = {Chen, T. and Zhang, W. and Liu, Y.},  
  title   = {Machine Learning for SQL Injection Detection: A Feature Engineering Approach},  
  journal = {Journal of Cybersecurity},  
  volume  = {8},  
  number  = {1},  
  pages   = {1--15},  
  year    = {2022}  
}  

@report{nist2020digital,  
  author  = {{National Institute of Standards and Technology}},  
  title   = {NIST Special Publication 800-63B: Digital Identity Guidelines},  
  year    = {2020},  
  url     = {https://doi.org/10.6028/NIST.SP.800-63b}  
}  

@report{aws2023fraud,  
  author  = {{Amazon Web Services}},  
  title   = {Reducing Fraud in Fintech with Real-Time Session Monitoring},  
  year    = {2023},  
  url     = {https://aws.amazon.com/blogs/security/}  
}  